<record><leader>00000cas a22000007a 4500</leader><controlfield tag="001">39493411</controlfield><controlfield tag="008">980716c19989999inuwr ne      0   a0eng c</controlfield><datafield ind1=" " ind2=" " tag="010"><subfield code="a">sn 98002204 </subfield></datafield><datafield ind1=" " ind2=" " tag="040"><subfield code="a">NSD</subfield><subfield code="b">eng</subfield><subfield code="c">NSD</subfield><subfield code="d">NPI</subfield><subfield code="d">OCLCQ</subfield><subfield code="d">IUL</subfield><subfield code="d">OCLCF</subfield></datafield><datafield ind1=" " ind2=" " tag="012"><subfield code="m">y</subfield></datafield><datafield ind1="1" ind2=" " tag="022"><subfield code="a">1520-5274</subfield><subfield code="l">1520-5274</subfield><subfield code="y">0747-2846</subfield><subfield code="2">1</subfield></datafield><datafield ind1=" " ind2=" " tag="032"><subfield code="a">359100</subfield><subfield code="b">USPS</subfield></datafield><datafield ind1=" " ind2=" " tag="042"><subfield code="a">nsdp</subfield><subfield code="a">pcc</subfield></datafield><datafield ind1=" " ind2=" " tag="043"><subfield code="a">n-us-in</subfield></datafield><datafield ind1="0" ind2=" " tag="130"><subfield code="a">News &amp; review (Monon, Ind.)</subfield></datafield><datafield ind1=" " ind2="4" tag="222"><subfield code="a">The news &amp; review</subfield><subfield code="b">(Monon, Ind.)</subfield></datafield><datafield ind1="0" ind2="4" tag="245"><subfield code="a">The news &amp; review.</subfield></datafield><datafield ind1="3" ind2=" " tag="246"><subfield code="a">News and review</subfield></datafield><datafield ind1=" " ind2=" " tag="260"><subfield code="a">Monon, IN :</subfield><subfield code="b">The Monon News,</subfield><subfield code="c">1998-</subfield></datafield><datafield ind1=" " ind2=" " tag="300"><subfield code="a">v. :</subfield><subfield code="b">ill. ;</subfield><subfield code="c">35 cm.</subfield></datafield><datafield ind1=" " ind2=" " tag="310"><subfield code="a">Weekly</subfield></datafield><datafield ind1="0" ind2=" " tag="362"><subfield code="a">Vol. 1, no. 1 (July 1, 1998)-</subfield></datafield><datafield ind1=" " ind2="0" tag="651"><subfield code="a">Monon (Ind.)</subfield><subfield code="v">Newspapers.</subfield></datafield><datafield ind1=" " ind2="0" tag="651"><subfield code="a">White County (Ind.)</subfield><subfield code="v">Newspapers.</subfield></datafield><datafield ind1=" " ind2="7" tag="651"><subfield code="a">Indiana</subfield><subfield code="z">Monon.</subfield><subfield code="2">fast</subfield><subfield code="0">(OCoLC)fst01285886</subfield></datafield><datafield ind1=" " ind2="7" tag="651"><subfield code="a">Indiana</subfield><subfield code="z">White County.</subfield><subfield code="2">fast</subfield><subfield code="0">(OCoLC)fst01219027</subfield></datafield><datafield ind1=" " ind2="7" tag="655"><subfield code="a">Newspapers.</subfield><subfield code="2">fast</subfield><subfield code="0">(OCoLC)fst01423814</subfield></datafield><datafield ind1=" " ind2=" " tag="752"><subfield code="a">United States</subfield><subfield code="b">Indiana</subfield><subfield code="c">White</subfield><subfield code="d">Monon.</subfield></datafield><datafield ind1="0" ind2="4" tag="780"><subfield code="t">Monon news</subfield><subfield code="x">0747-2846</subfield><subfield code="w">(DLC)sn 84005221</subfield><subfield code="w">(OCoLC)10688174</subfield></datafield><datafield ind1="0" ind2="4" tag="780"><subfield code="t">Prairie review</subfield><subfield code="w">(DLC)sn 87055311</subfield><subfield code="w">(OCoLC)15187927</subfield></datafield></record>